@book{Gau28,
  title={Disquisitiones generales circa superficies curvas},
  author={Gauss, Carl Friedrich},
  year={1828},
  publisher={Typis Dieterichianis}
}

@article{Dij59,
 author = {Dijkstra, E. W.},
 title = {A Note on Two Problems in Connexion with Graphs},
 journal = {Numer. Math.},
 issue_date = {December  1959},
 volume = {1},
 number = {1},
 month = dec,
 year = {1959},
 issn = {0029-599X},
 pages = {269--271},
 numpages = {3},
 url = {http://dx.doi.org/10.1007/BF01386390},
 doi = {10.1007/BF01386390},
 acmid = {2722945},
 publisher = {Springer-Verlag New York, Inc.},
 address = {Secaucus, NJ, USA}
} 

@article{Wal67,
 author = {Walton, John J.},
 title = {Tensor Calculations on Computer: Appendix},
 journal = {Commun. ACM},
 issue_date = {March 1967},
 volume = {10},
 number = {3},
 month = mar,
 year = {1967},
 issn = {0001-0782},
 pages = {183--186},
 numpages = {4},
 url = {http://doi.acm.org/10.1145/363162.363211},
 doi = {10.1145/363162.363211},
 acmid = {363211},
 publisher = {ACM},
 address = {New York, NY, USA}
} 

@article{MMPB02,
archivePrefix = {arXiv},
arxivId = {arXiv:1011.1669v3},
author = {Meyer, Mark and Desbrun, Mathieu and Schr, Peter and Barr, Alan H.},
doi = {10.1016/j.cagd.2007.07.005},
eprint = {arXiv:1011.1669v3},
isbn = {3-540-01295-8},
issn = {01678396},
journal = {Visualization and Mathematics III},
pages = {113--134},
pmid = {19833169},
title = {{Discrete Differential-Geometry Operators for Triangulated 2-Manifolds}},
year = {2002}
}


@article{Gus07,
author = {Guskov, Igor},
doi = {10.1016/j.gmod.2006.05.001},
issn = {15240703},
journal = {Graphical Models},
keywords = {Global parameterization,Semi-regular remeshing},
month = {jan},
number = {1},
pages = {1--18},
title = {{Manifold-based approach to semi-regular remeshing}},
url = {http://linkinghub.elsevier.com/retrieve/pii/S1524070306000385 http://www.sciencedirect.com/science/article/pii/S1524070306000385},
volume = {69},
year = {2007}
}

@article{PRS15,
  	author =   {F. Payan and C. Roudet and B. Sauvage},
  	title =    {Semi-Regular Triangle Remeshing: A Comprehensive Study},
  	journal =      {Computer Graphics Forum},
  	editor = {Blackwell Publishing},
  	volume = {34},
  	pages = {86-102},
  	year =  {2015},
  	month = {February},
	doi = {10.1111/cgf.12461}
}

@article{PPA16, 
	author = {J.L. Peyrot, F. Payan and M. Antonini},
	title = {From stereoscopic images to semi-regular meshes}, 
	journal = {Signal Processing: Image Communication}, 
	volume = {40}, 
	pages = {97 - 110}, 
	year = {2016}, 
	issn = {0923-5965}, 
	doi = {http://dx.doi.org/10.1016/j.image.2015.11.004}, 
	url = {http://www.sciencedirect.com/science/article/pii/S0923596515002015}
}